
@book{cohrsArchitekturmodellFuerSAP2011,
  title = {Ein Architekturmodell für SAP®-Anwendungen},
  author = {Cohrs, Moritz},
  date = {2011},
  publisher = {{Vieweg+Teubner}},
  location = {{Wiesbaden}},
  doi = {10.1007/978-3-8348-8204-2},
  url = {http://link.springer.com/10.1007/978-3-8348-8204-2},
  urldate = {2020-04-28},
  file = {D\:\\Daten\\OneDrive - BildungsCentrum der Wirtschaft gemeinnützige Gesellschaft mbH\\Studium\\Literaturdatenbank\\storage\\DYP4BDRH\\Cohrs - 2011 - Ein Architekturmodell für SAP®-Anwendungen.PDF},
  isbn = {978-3-8348-1608-5 978-3-8348-8204-2},
  langid = {german}
}

@online{IndexTIOBESoftware,
  title = {Index | {{TIOBE}} - {{The Software Quality Company}}},
  url = {https://www.tiobe.com/tiobe-index/},
  urldate = {2020-05-12},
  file = {D\:\\Daten\\OneDrive - BildungsCentrum der Wirtschaft gemeinnützige Gesellschaft mbH\\Studium\\Literaturdatenbank\\storage\\QA52VPVG\\tiobe-index.html}
}

@book{kellerABAPObjectsIntroduction2002,
  title = {{{ABAP}} Objects: Introduction to Programming {{SAP}} Applications},
  shorttitle = {{{ABAP}} Objects},
  author = {Keller, Horst and Krüger, Sascha},
  date = {2002},
  edition = {Engl. ed},
  publisher = {{Addison-Wesley}},
  location = {{London}},
  file = {D\:\\Daten\\OneDrive - BildungsCentrum der Wirtschaft gemeinnützige Gesellschaft mbH\\Studium\\Literaturdatenbank\\storage\\9DADDZTH\\Keller und Krüger - 2002 - ABAP objects introduction to programming SAP appl.PDF},
  isbn = {978-0-201-75080-5},
  langid = {english},
  note = {OCLC: 834398337},
  pagetotal = {556}
}

@book{mcdonoughObjectOrientedDesignABAP2017,
  title = {Object-{{Oriented Design}} with {{ABAP}}},
  author = {McDonough, James E.},
  date = {2017},
  publisher = {{Apress}},
  location = {{Berkeley, CA}},
  doi = {10.1007/978-1-4842-2838-8},
  url = {http://link.springer.com/10.1007/978-1-4842-2838-8},
  urldate = {2020-04-28},
  file = {D\:\\Daten\\OneDrive - BildungsCentrum der Wirtschaft gemeinnützige Gesellschaft mbH\\Studium\\Literaturdatenbank\\storage\\I4M6V38N\\McDonough - 2017 - Object-Oriented Design with ABAP.pdf},
  isbn = {978-1-4842-2837-1 978-1-4842-2838-8},
  langid = {english}
}

@online{patelREADONLYAttributeVs2011,
  title = {{{READ}}-{{ONLY}} Attribute vs {{GETTER}} Methods},
  author = {Patel, Naimesh},
  date = {2011-02-22T20:08:00+00:00},
  journaltitle = {ABAP Help Blog},
  url = {https://zevolving.com/2011/02/read-only-attribute-vs-getter-methods/},
  urldate = {2020-05-06},
  abstract = {READ-ONLY is something different for the people who have worked on the OOP in the past. Like JAVA doesn't have the read only addition. So, there is a hot d},
  file = {D\:\\Daten\\OneDrive - BildungsCentrum der Wirtschaft gemeinnützige Gesellschaft mbH\\Studium\\Literaturdatenbank\\storage\\LFY8HSGS\\read-only-attribute-vs-getter-methods.html}
}

@online{PYPLPopularitYProgramming,
  title = {{{PYPL PopularitY}} of {{Programming Language}} Index},
  url = {https://pypl.github.io/PYPL.html},
  urldate = {2020-04-28},
  abstract = {PYPL popularity of programming language},
  file = {D\:\\Daten\\OneDrive - BildungsCentrum der Wirtschaft gemeinnützige Gesellschaft mbH\\Studium\\Literaturdatenbank\\storage\\W6YUN994\\statistic_id678732_beliebteste-programmiersprachen-weltweit-laut-pypl-index-im-april-2020.xlsx;D\:\\Daten\\OneDrive - BildungsCentrum der Wirtschaft gemeinnützige Gesellschaft mbH\\Studium\\Literaturdatenbank\\storage\\MNLXVBAE\\PYPL.html},
  keywords = {Programmiersprachen,Statistik},
  langid = {english}
}

@book{riekertABAPProgrammierungFortgeschritteneProgrammiertechniken2001,
  title = {ABAP-Programmierung: fortgeschrittene Programmiertechniken für ABAP},
  shorttitle = {ABAP-Programmierung},
  author = {Riekert, Rainer},
  date = {2001},
  publisher = {{Addison-Wesley}},
  location = {{München}},
  file = {D\:\\Daten\\OneDrive - BildungsCentrum der Wirtschaft gemeinnützige Gesellschaft mbH\\Studium\\Literaturdatenbank\\storage\\8XWPAUQK\\Riekert - 2001 - ABAP-Programmierung fortgeschrittene Programmiert.pdf},
  isbn = {978-3-8273-1754-4},
  langid = {german},
  note = {OCLC: 76230225},
  pagetotal = {388},
  series = {Edition SAP}
}

@online{SAPABAPTutorial,
  title = {{{SAP ABAP Tutorial}} - {{Tutorialspoint}}},
  url = {https://www.tutorialspoint.com/sap_abap/index.htm},
  urldate = {2020-05-04},
  file = {D\:\\Daten\\OneDrive - BildungsCentrum der Wirtschaft gemeinnützige Gesellschaft mbH\\Studium\\Literaturdatenbank\\storage\\Y3PFSG6K\\index.html}
}

@online{sapagKeys,
  title = {Keys},
  author = {SAP AG},
  journaltitle = {SAP Registration for Developer Keys},
  url = {https://support.sap.com/en/my-support/keys.html},
  urldate = {2020-05-12},
  file = {D\:\\Daten\\OneDrive - BildungsCentrum der Wirtschaft gemeinnützige Gesellschaft mbH\\Studium\\Literaturdatenbank\\storage\\G564FW2F\\keys.html},
  langid = {english}
}

@book{theobaldProfikursABAPKonkrete2007,
  title = {Profikurs ABAP®: Konkrete, praxisorientierte Lösungen - Tipps, Tricks und jede Menge Erfahrung},
  shorttitle = {Profikurs ABAP®},
  author = {Theobald, Patrick},
  date = {2007},
  edition = {2., erw. Aufl},
  publisher = {{Vieweg + Teubner}},
  location = {{Wiesbaden}},
  file = {D\:\\Daten\\OneDrive - BildungsCentrum der Wirtschaft gemeinnützige Gesellschaft mbH\\Studium\\Literaturdatenbank\\storage\\5JEV6RES\\Theobald - 2007 - Profikurs ABAP® Konkrete, praxisorientierte Lösun.PDF},
  isbn = {978-3-8348-0143-2},
  langid = {german},
  note = {OCLC: 180009127},
  pagetotal = {316},
  series = {Aus dem Bereich IT erfolgreich gestalten}
}

@online{WhatABAPFull,
  title = {What Is {{ABAP}}? {{Full Form}}, {{Meaning}}, {{History}}},
  url = {https://www.guru99.com/what-is-abap.html#3},
  urldate = {2020-05-06},
  file = {D\:\\Daten\\OneDrive - BildungsCentrum der Wirtschaft gemeinnützige Gesellschaft mbH\\Studium\\Literaturdatenbank\\storage\\6YY8GDTN\\what-is-abap.html}
}

@book{woodObjectorientedProgrammingABAP2016,
  title = {Object-Oriented Programming with {{ABAP Objects}}},
  author = {Wood, James and Rupert, Joe},
  date = {2016},
  edition = {2nd edition},
  publisher = {{Rheinwerk Publishing}},
  location = {{Bonn ; Boston}},
  file = {D\:\\Daten\\OneDrive - BildungsCentrum der Wirtschaft gemeinnützige Gesellschaft mbH\\Studium\\Literaturdatenbank\\storage\\7CLUH5SQ\\Wood - Object-Oriented Programming with ABAP Objects.pdf},
  isbn = {978-1-59229-993-5 978-1-59229-995-9},
  keywords = {ABAP Objects (Computer program language),Object-oriented programming (Computer science)},
  pagetotal = {470}
}

@book{zaidiSAPABAPAdvanced2013,
  title = {{{SAP ABAP}} Advanced Cookbook: Over 80 Advanced Recipes with Excellent Programming Techniques That Focus on the {{Netweaver}} 7.0 {{EHP2}} and Above},
  shorttitle = {{{SAP ABAP}} Advanced Cookbook},
  author = {Zaidi, Rehan},
  date = {2013},
  publisher = {{Packt Pub}},
  location = {{Birmingham, UK}},
  file = {D\:\\Daten\\OneDrive - BildungsCentrum der Wirtschaft gemeinnützige Gesellschaft mbH\\Studium\\Literaturdatenbank\\storage\\L4ASEMBA\\Zaidi - 2013 - SAP ABAP advanced cookbook over 80 advanced recip.pdf},
  isbn = {978-1-84968-489-7 978-1-84968-488-0},
  langid = {english},
  note = {OCLC: 871657580}
}

@book{zaidiSAPABAPObjects2019,
  title = {{{SAP ABAP Objects}}: {{A Practical Guide}} to the {{Basics}} and {{Beyond}}},
  shorttitle = {{{SAP ABAP Objects}}},
  author = {Zaidi, Rehan},
  date = {2019},
  publisher = {{Apress}},
  location = {{Berkeley, CA}},
  doi = {10.1007/978-1-4842-4964-2},
  url = {http://link.springer.com/10.1007/978-1-4842-4964-2},
  urldate = {2020-04-28},
  file = {D\:\\Daten\\OneDrive - BildungsCentrum der Wirtschaft gemeinnützige Gesellschaft mbH\\Studium\\Literaturdatenbank\\storage\\5XPHSZ7C\\Zaidi - 2019 - SAP ABAP Objects A Practical Guide to the Basics .pdf},
  isbn = {978-1-4842-4963-5 978-1-4842-4964-2},
  langid = {english}
}

@article{zimmermannSTEPSTONEGEHALTSREPORT2020,
  title = {STEPSTONE GEHALTSREPORT 2020},
  author = {Zimmermann, Dr Tobias},
  pages = {68},
  file = {D\:\\Daten\\OneDrive - BildungsCentrum der Wirtschaft gemeinnützige Gesellschaft mbH\\Studium\\Literaturdatenbank\\storage\\IAKTLB2T\\Zimmermann - STEPSTONE GEHALTSREPORT 2020.pdf},
  langid = {german}
}


